<record><leader>00000cas a2200000 a 4500</leader><controlfield tag="001">12282872</controlfield><controlfield tag="008">850719d19591972ksuwr ne      0    0eng d</controlfield><datafield ind1=" " ind2=" " tag="010"><subfield code="a">sn 85030728 </subfield></datafield><datafield ind1=" " ind2=" " tag="040"><subfield code="a">KSH</subfield><subfield code="b">eng</subfield><subfield code="c">KSH</subfield><subfield code="d">NPT</subfield><subfield code="d">OCL</subfield><subfield code="d">OCLCQ</subfield></datafield><datafield ind1=" " ind2=" " tag="042"><subfield code="a">msc</subfield></datafield><datafield ind1="0" ind2=" " tag="130"><subfield code="a">Arlington enterprise (Arlington, Kan. : 1959)</subfield></datafield><datafield ind1="1" ind2="0" tag="245"><subfield code="a">Arlington enterprise.</subfield></datafield><datafield ind1=" " ind2=" " tag="260"><subfield code="a">Arlington, Kan. :</subfield><subfield code="b">John &amp; Jane Leach,</subfield><subfield code="c">1959-1962.</subfield></datafield><datafield ind1=" " ind2=" " tag="300"><subfield code="a">4 v. :</subfield><subfield code="b">ill. ;</subfield><subfield code="c">37-51 cm.</subfield></datafield><datafield ind1=" " ind2=" " tag="310"><subfield code="a">Weekly</subfield></datafield><datafield ind1="0" ind2=" " tag="362"><subfield code="a">Vol. 1, no. 1 (Nov. 13, 1959)-v. 4, no. 1 (Dec. 7, 1962).</subfield></datafield><datafield ind1=" " ind2=" " tag="500"><subfield code="a">Published by: M.H. &amp; Ruth M. Mandrell, &lt;Dec. 7, 1962&gt;-Dec. 29, 1967; Rex &amp; Joyce Turner, Jan. 5, 1968-Sept. 29, 1970.</subfield></datafield><datafield ind1=" " ind2=" " tag="515"><subfield code="a">Suspended with Aug. 10, 1962 issue; resumed with Dec. 7, 1962 issue.</subfield></datafield><datafield ind1=" " ind2=" " tag="752"><subfield code="a">United States</subfield><subfield code="b">Kansas</subfield><subfield code="c">Reno</subfield><subfield code="d">Arlington.</subfield></datafield><datafield ind1="0" ind2="4" tag="785"><subfield code="t">Pretty Prairie times</subfield><subfield code="w">(DLC)sn 85030734</subfield></datafield></record>